@article{AfUl11,
  author    = {Afrati, F. N. and Ullman, J. D.},
  title     = {Optimizing Multiway Joins in a Map-Reduce Environment},
  journal   = {{IEEE} Trans. Knowl. Data Eng.},
  volume    = {23},
  number    = {9},
  pages     = {1282--1298},
  year      = {2011}
}

@article{OlZa15,
  author    = {Dan Olteanu and
               Jakub Z{\'{a}}vodn{\'{y}}},
  title     = {Size Bounds for Factorised Representations of Query Results},
  journal   = {{ACM} Trans. Database Syst.},
  volume    = {40},
  number    = {1},
  pages     = {2},
  year      = {2015}
}

@article{BKOZ13,
  author    = {Nurzhan Bakibayev and
               Tom{\'{a}}s Kocisk{\'{y}} and
               Dan Olteanu and
               Jakub Z{\'{a}}vodn{\'{y}}},
  title     = {Aggregation and Ordering in Factorised Databases},
  journal   = {{PVLDB}},
  volume    = {6},
  number    = {14},
  pages     = {1990--2001},
  year      = {2013}
}

@article{BaOlZa12,
  author    = {Nurzhan Bakibayev and
               Dan Olteanu and
               Jakub Z{\'{a}}vodn{\'{y}}},
  title     = {{FDB:} {A} Query Engine for Factorised Relational Databases},
  journal   = {{PVLDB}},
  volume    = {5},
  number    = {11},
  pages     = {1232--1243},
  year      = {2012}
}


@inproceedings{ChBaSu15,
  author    = {Shumo Chu and
               Magdalena Balazinska and
               Dan Suciu},
  title     = {From Theory to Practice: {Efficient} Join Query Evaluation in a Parallel
               Database System},
  booktitle = {SIGMOD},
  pages     = {63--78},
  year      = {2015}
}

